@BOOK{HadoopGuide,
  title={Hadoop:The Definitive Guide},
  publisher={YAHOO! press},
  year={June ,2009},
  author={Tom White}
}
@BOOK{HBaseGuide,
 title={HBase:The Definitive Guide},
 publisher={O'Reilly Media},
 year={September 21, 2011},
 author={Lars George}
}
@TECHREPORT{MSU-CSE-99-39,
  AUTHOR =        {Ian Thomas Varley, M.S.E.},
  TITLE =         {No Relation: The Mixed Blessings of Non-Relational Databases},
  NUMBER =        {MSU-CSE-99-39},
  INSTITUTION =   {The University of Texas},
  ADDRESS =       {Austin},
  YEAR = 		  {2009},
  MONTH =         {August}
}

@BOOK{MongoDBGuide,
 title={MongoDB: The Definitive Guide},
 publisher={O'Reilly Media},
 year={April, 2011},
 author={Kristina Chodorow, Michael Dirolf}
}
@article{journals/corr/abs-1105-2264,
  added-at = {2011-12-05T00:00:00.000+0100},
  author = {Franke, Craig and Morin, Samuel and Chebotko, Artem and Abraham, John and Brazier, Pearl},
  biburl = {http://www.bibsonomy.org/bibtex/2a2695072fff9846b6d3f20e8d5ec8245/dblp},
  ee = {http://arxiv.org/abs/1105.2264},
  interhash = {4b49e8183829ddae25d04b4e2c8c3b03},
  intrahash = {a2695072fff9846b6d3f20e8d5ec8245},
  journal = {CoRR},
  keywords = {dblp},
  timestamp = {2011-12-05T00:00:00.000+0100},
  title = {Distributed Semantic Web Data Management in HBase and MySQL Cluster},
  url = {http://dblp.uni-trier.de/db/journals/corr/corr1105.html#abs-1105-2264},
  volume = {abs/1105.2264},
  year = 2011
}
@article{youhua,
author={张正本and蔡鹏飞},
title={海量数据查询优化},
journal={信息与电脑},
year={2010},
volume={},
number={}
}
@inproceedings{join,
 author = {Blanas, Spyros and Patel, Jignesh M. and Ercegovac, Vuk and Rao, Jun and Shekita, Eugene J. and Tian, Yuanyuan},
 title = {A comparison of join algorithms for log processing in MaPreduce},
 booktitle = {Proceedings of the 2010 international conference on Management of data},
 series = {SIGMOD '10},
 year = {2010},
 isbn = {978-1-4503-0032-2},
 location = {Indianapolis, Indiana, USA},
 pages = {975--986},
 numpages = {12},
 url = {http://doi.acm.org/10.1145/1807167.1807273},
 doi = {10.1145/1807167.1807273},
 acmid = {1807273},
 publisher = {ACM},
 address = {New York, NY, USA},
 keywords = {analytics, hadoop, join processing, mapreduce},
} 
@ARTICLE{webfenxi,
  author = {LIU Yong-zeng,ZHANG Xiao-jing, LI Xian-yi},
  title = {基于Hadoop／Hive的web日志分析系统的设计},
  journal = {Journal of Guangxi University（Natural Science Edition)},
  year = {{2011}},
  volume = {{36}},
  pages = {{314-317}},
  number = {{A01}},
  month = {{OCT}}
}
@ARTICLE{hive性能,
  author = { 叶文宸},
  title = {基于hive的性能优化方法的研究与实践},
  journal = {南京大学},
  year = {{2011}},
  month = {{OCT}}
}
@ARTICLE{mapjoin,
  author = { Dawei Jiang, Anthony K. H. TUNG and Gang Chen},
  title = {MAP-JOIN-REDUCE: Towards Scalable and Efficient Data Analysis on Large Clusters},
  journal = {Knowledge and Data Engineering, IEEE Transactions on},
  year = {{2011}},
  volume = {{23}},
  pages = {{1299-1311}},
  number = {{9}},
  month = {{SEP}}
}
@ARTICLE{youhuayanjiu,
  author = {毛杰and佘名高},
  title = {海量数据库查询优化研究},
  journal = {软件导刊 SOFT WARE GUIDE},
  year = {{2010}},
  volume = {{9}}
}
@ARTICLE{dataprocess,
  author = {ASHISH T,JOYDEEP S,NAMIT J},
  title = {Hive-A Petabyte Scale Data Warehouse Using Hadoop},
  journal = {IEEE 26th International},
  year = {{2010}},
  volume = {{9}},
  pages = {{}},
  number = {{996-1005}},
  month = {{}}
}